@misc{ourpaper,
  title        = {Public-Key Quantum Authentication and Digital Signature Schemes Based on the QMA-Complete Problem},
  author       = {Le-Ran Liu and Min-Quan He and Dan-Bo Zhang and Z. D. Wang},
  year         = {2025},
  eprint       = {2506.16904},
  archivePrefix= {arXiv},
  primaryClass = {quant-ph},
  doi          = {10.48550/arXiv.2506.16904},
  url          = {https://arxiv.org/abs/2506.16904}
}
@article{KempeKitaevRegev06,
  author  = {Kempe, Julia and Kitaev, Alexei and Regev, Oded},
  year    = {2006},
  title   = {The Complexity of the Local Hamiltonian Problem},
  journal = {SIAM Journal on Computing},
  volume  = {35},
  number  = {5},
  pages   = {1070--1097},
  doi     = {10.1137/S0097539704445226}
}

@misc{liu2006,
  author       = {Yi-Kai Liu},
  title        = {Consistency of Local Density Matrices is QMA-complete},
  eprint       = {quant-ph/0604166},
  archivePrefix= {arXiv},
  primaryClass = {quant-ph},
  year         = {2006},
  note         = {Last revised Dec 2007, version 3}
}

@article{schilling2014quantum,
  title={The Quantum Marginal Problem},
  author={Schilling, Christian},
  journal={arXiv preprint arXiv:1404.1085},
  year={2014},
  doi={10.48550/arXiv.1404.1085},
  url={https://arxiv.org/abs/1404.1085}
}
%---poster----
